@inproceedings{frege1905,
	author = {Frege, Gottlob},
	title = {Über die Grundlagen der Logik und Arithmetik},
	booktitle = {Verhandlungen des 3. Internationalen Mathematikerkongresses in Heidelberg},
	year = {1905},
	pages = {174--185},
	publisher = {Leipzig},
	note = {Пер. с нем. А. Кузичева}
}

@article{JeanVanHeijenoort,
	author = {Giuseppe Peano},
	title = {The principles of arithmetic, presented by a new method},
	journal = {A Source Book in Mathematical Logic},
	year = {1967},
	volume = {83-97},
	pages = {147--154},
	publisher = {Harvard University Press},
	langid  = {english}
}

@misc{euclid_axioms,
	title = {Appendix to Lecture 8: Euclid’s Axioms},
	howpublished = {\url{http://www.geocities.com/CapeCanaveral/7997/noneuclid.html}},

}

@book{barhillel_foundations,
	author = {Бар-Хиллел, И. and Френкель, А.},
	title = {Основания теории множеств},
	year = {б.г.},
	note = {Без года издания}
}

@article{batyrkanov_ontology,
	author = {Батырканов, Ж. И. and Боскебеев, К. Дж.},
	title = {Формальная модель онтологии представлений знаний},
	journal = {Вестник КазНУ. Серия математика, механика, информатика},
	year = {б.г.},
	note = {Без года издания}
}

@book{bilgaeva_algorithms,
	author = {Бильгаева, Н. Ц.},
	title = {Теория алгоритмов, формальных языков, грамматик и автоматов},
	year = {б.г.},
	note = {Без года издания}
}

@book{brown2020,
	author = {Brown, T. B. and Mann, B.},
	title = {Language Models are Few-Shot Learners},
	year = {2020},
	note = {Без места издания, без издателя}
}

@article{burgin2004,
	author = {Burgin, M.},
	title = {Axiomatic Theory of Algorithms},
	journal = {arXiv:0409142v1 [cs.LO]},
	year = {2004}
}

@book{burgin_axiomatic,
	author = {Burgin, M.},
	title = {Axiomatic Theory of Algorithms: Computability and Decidability in Algorithmic Classes},
	year = {б.г.},
	note = {Без места издания, без издателя}
}

@article{church1941,
	author = {Church, A.},
	title = {The Calculi of Lambda Conversion},
	journal = {Annals of Mathematics},
	year = {1941}
}

@inproceedings{cook1971,
	author = {Cook, S.},
	title = {The Complexity of Theorem-Proving Procedures},
	booktitle = {Proceedings of the 3rd ACM Symposium on Theory of Computing},
	year = {1971},
	pages = {151--158}
}

@book{couturat1914,
	author = {Couturat, L.},
	title = {L’Algèbre de la logique},
	year = {1914},
	publisher = {Paris}
}

@book{curry1958,
	author = {Curry, H. B. and Feys, R.},
	title = {Combinatory Logic, volume I},
	publisher = {North-Holland},
	year = {1958},
	langid  = {english}
}

@book{curry,
	author = {Карри, Х. Б.},
	title = {Основания математической логики},
	year = {б.г.},
	note = {Без места издания, без издателя}
}

@article{dragalina,
	author = {Драгалина-Черная, Е. Г.},
	title = {Формальные онтологии как абстрактные логики},
	journal = {Вопросы философии},
	year = {б.г.}
}

@book{ershov_celishev2012,
	author = {Ершов, Ю. Л. and Целищев, В. В.},
	title = {Алгоритмы и вычислимость в человеческом познании},
	editor = {Самохвалов, К. Ф. and Морозов, А. С.},
	year = {2012},
	publisher = {Новосибирск: СО РАН},
	isbn = {978-5-7692-1248-8},
	langid  = {russian}
}

@book{frege1971,
	author = {Frege, G.},
	title = {On the Foundations of Geometry and Formal Theories of Arithmetic},
	year = {1971},
	publisher = {Yale University Press},
	langid  = {english}
}

@article{geuvers2013,
	author = {Geuvers, H. and Nederpelt, R. N. G.},
	title = {G. de Bruijn’s Contribution to the Formalization of Mathematics},
	journal = {Indagationes Mathematicae},
	year = {2013},
	volume = {24},
	number = {4},
	pages = {1034--1049},
	doi = {10.1016/j.indag.2013.09.003}
}

@book{girard1989,
	author = {Girard, J.-Y.},
	title = {Proofs and Types},
	year = {1989},
	publisher = {Cambridge: Cambridge University Press}
}

@book{girard2011,
	author = {Girard, J.-Y.},
	title = {The Blind Spot: Lectures on Logic},
	year = {2011},
	publisher = {Zürich: European Mathematical Society}
}

@article{grzegorczyk1955,
	author = {Grzegorczyk, A.},
	title = {The Systems of Lesniewski in Relation to Contemporary Logical Research},
	journal = {Studia Logica},
	year = {1955},
	volume = {3}
}

@book{hilbert,
	author = {Гильберт, Д.},
	title = {Избранные труды. Т. 1: Теория инвариантов. Теория чисел. Алгебра. Геометрия. Основания математики},
	year = {1998},
	publisher = {М.: Факториал}
}

@article{knuth1985,
	author = {Knuth, D. E.},
	title = {Algorithmic Thinking and Mathematical Thinking},
	journal = {The American Mathematical Monthly},
	year = {1985},
	volume = {92},
	number = {3},
	pages = {170--181},
	doi = {10.1080/00029890.1985.11971572}
}

@article{kolmogorov1932,
	author = {Колмогоров, А. Н.},
	title = {О логическом основании интуиционизма},
	journal = {Матем. сб.},
	year = {1932}
}

@article{leonard1940,
	author = {Leonard, H. S. and Goodman, N.},
	title = {The Calculus of Individuals and Its Uses},
	journal = {Journal of Symbolic Logic},
	year = {1940},
	volume = {5}
}

@book{lesniewski1916,
	author = {Lesniewski, St.},
	title = {Podstawy ogólnej teorii mnogości},
	year = {1916},
	publisher = {I. M.}
}

@article{maclane1976,
	author = {Mac Lane, S.},
	title = {Topology and Logic as a Source of Algebra},
	journal = {Bulletin of the American Mathematical Society},
	year = {1976},
	volume = {82},
	number = {1},
	langid  = {english}
}

@book{maclane1986,
	author = {Mac Lane, S.},
	title = {Mathematics: Form and Function},
	year = {1986},
	publisher = {New York: Springer},
	langid  = {english}
}

@article{maclane1997,
	author = {Mac Lane, S.},
	title = {Despite Physicists, Proof Is Essential in Mathematics},
	journal = {Synthese},
	year = {1997},
	volume = {111},
	pages = {147--154},
	langid  = {english}
}

@book{martinlof1984intuitionistic,
	author       = {Martin-Löf, Per},
	title        = {Intuitionistic Type Theory: Notes by Giovanni Sambin of a series of lectures given in Padova, June 1980},
	editor       = {Sambin, Giovanni},
	publisher    = {Bibliopolis},
	address      = {Napoli},
	year         = {1984},
	note         = {Digital edition by Jon G. Hall, October 2020},
	langid  = {english}
}


@article{moskvicova,
	author = {Москвицова, Н. Г.},
	title = {Логические системы Лесневского},
	journal = {Философские науки},
	year = {б.г.},
	note = {Без номера и года}
}

@article{poonen2008,
	author = {Poonen, B.},
	title = {Undecidability in Number Theory},
	journal = {Notices Amer. Math. Soc.},
	year = {2008},
	volume = {55},
	number = {3},
	pages = {344--350}
}

@book{reck2020,
	author = {Reck, E. H. and Schiemer, G.},
	title = {The Prehistory of Mathematical Structuralism},
	year = {2020},
	publisher = {Oxford: Oxford University Press},
	isbn = {978-0-19-064122-1},
	langid  = {english}
}

@phdthesis{rodin2020,
	author       = {Родин, А.В.},
	title        = {Аксиоматичесая архитектура научных теорий},
	school       = {Санкт-Петербургский государственный университет},
	year         = {2020},
	address      = {Санкт-Петербург},
	type         = {диссертация на соискание ученой степени доктора философских наук},
	note         = {Авторский перевод с английского},
	langid  = {russian}
}

@article{rodin_univalent,
	author = {Родин, А. В.},
	title = {Компьютерные доказательства и их понимание человеком: случай унивалентных оснований},
	journal = {Интеллектуальные системы. Теория и приложения},
	year = {2021},
	volume = {25},
	number = {4},
	pages = {337--342},
	url = {https://www.mathnet.ru/ista476}
}

@article{shaposhnikov2021,
	author = {Шапошников, В.А.},
	title = {Миф о трёх кризисах в основаниях математики. Часть 2},
	journal = {Философия науки и техники},
	year = {2021},
	volume = {26},
	number = {2},
	pages = {81--95},
	doi = {10.21146/2413-9084-2021-26-2-81-95},
	langid  = {russian}
}

@book{shannon,
	author = {Шеннон, К.},
	title = {Работы по теории информации и кибернетике},
	year = {б.г.},
	note = {Без места издания, без издателя}
}

@book{smith,
	author = {Smith, B.},
	title = {Basic Concepts of Formal Ontology},
	year = {б.г.},
	note = {Без места издания, без издателя}
}

@book{urbaniak2008,
	author = {Urbaniak, R.},
	title = {Lesniewski’s Systems of Logic and Mereology: History and Re-evaluation},
	year = {2008},
	publisher = {Calgary, Alberta}
}

@book{vasyukov1999,
	author = {Васюков, В. Л.},
	title = {Формальная феноменология},
	year = {1999},
	publisher = {М.: Наука}
}

@book{vasyukov2007,
	author = {Васюков, В. Л.},
	title = {Материалы лекций «Логические проблемы онтологии»},
	year = {2007},
	publisher = {М.: МГУ, кафедра логики}
}

@book{weyl,
	author = {Вейль, Г.},
	title = {О философии математики: сборник работ},
	year = {б.г.},
	note = {Без места издания, без издателя}
}

@book{woodger1937,
	author = {Woodger, J. H.},
	title = {Axiomatic Method in Biology},
	year = {1937},
	publisher = {Cambridge}
}

@article{celyschev,
	author = {Целищев, В. В.},
	title = {Формальные онтологии и семантика примитивных концепций оснований математики},
	journal = {Известия вузов. Математика},
	year = {б.г.},
	note = {Без номера и года}
}

@book{Gilbert1924,
	author = {Hilbert, D.},
	title = {On the Concept of Number},
	editor = {Ewald, W.},
	year = {1924},
	publisher = {Cambridge: Cambridge University Press},
	langid  = {english}
}

@book{wittgenstein1953,
	author = {Wittgenstein, L.},
	title = {Philosophical Investigations},
	year = {1953},
	publisher = {Oxford: Blackwell}
}

@article{yao1982,
	author = {Yao, A. C.},
	title = {Theory of Computation and Logic: A Survey of the Foundations of Computer Science},
	journal = {Mathematical Logic Quarterly},
	year = {1982},
	volume = {28},
	number = {5},
	pages = {127--139}
}

@book{zermelo1908,
	author = {Zermelo, E.},
	title = {Über die Grundlagen der Mengenlehre},
	year = {1908},
	publisher = {Berlin: Springer}
}

@article{turing1936,
	author = {Turing, A. M.},
	title = {On Computable Numbers, with an Application to the Entscheidungs problem},
	year = {1936},
	journal = {Proceedings of the London Mathematical Society},
	volume = {2},
	pages = {230--265},
	langid  = {english}
}

@article{turing1950,
	author = {Turing, A. M.},
	title = {Computing Machinery and Intelligence},
	journal = {Mind},
	year = {1950},
	volume = {59},
	number = {236},
	pages = {433--460}
}

@article{watkins1980,
	author = {Watkins, J.},
	title = {The Turing Test: A Critique of the Philosophy of Artificial Intelligence},
	journal = {Journal of Philosophy},
	year = {1980},
	volume = {77},
	number = {2},
	pages = {116--130}
}

@book{woodger1939,
	author = {Woodger, J. H.},
	title = {Axiomatic Logic and Foundations of Mathematics},
	year = {1939},
	publisher = {London: Methuen}
}

@book{nagel1956,
	author = {Nagel, E. and Newman, J.},
	title = {Gödel’s Proof},
	year = {1956},
	publisher = {New York: New York University Press}
}

@book{brouwer1924,
	author = {Brouwer, L. E. J.},
	title = {Intuitionism and Formalism},
	year = {1924},
	publisher = {Amsterdam: North-Holland}
}

@article{hyde2017,
	author = {Hyde, T.},
	title = {The Logic of Mathematical Practice: A Historical Perspective},
	journal = {Philosophia Mathematica},
	year = {2017},
	volume = {25},
	number = {3},
	pages = {241--263},
	doi = {10.1093/philmat/nkw024}
}

@book{hofmann2016,
	author = {Hofmann, M.},
	title = {Introduction to the Theory of Types and Type Theory},
	year = {2016},
	publisher = {Berlin: Springer}
}

@book{girot2018,
	author = {Girot, R.},
	title = {Theoretical Foundations of Mathematics and Formal Logic},
	year = {2018},
	publisher = {Oxford: Oxford University Press}
}

@article{kripke1972,
	author = {Kripke, S. A.},
	title = {Wittgenstein on Rules and Private Language},
	journal = {Harvard University Press},
	year = {1972},
	pages = {1--204}
}

@article{curry1932,
	author = {Curry, H. B.},
	title = {Formalization of the Philosophy of Mathematics},
	journal = {Journal of Symbolic Logic},
	year = {1932},
	volume = {3},
	pages = {30--43}
}

@book{quine1951,
	author = {Quine, W. V.},
	title = {Two Dogmas of Empiricism},
	year = {1951},
	publisher = {Harvard University Press}
}

@book{vygotsky1982,
	author = {Vygotsky, L. S.},
	title = {Mind in Society: The Development of Higher Psychological Processes},
	year = {1982},
	publisher = {Harvard University Press}
}

@article{benacerraf1965,
	author = {Benacerraf, P.},
	title = {What Numbers Could Not Be},
	journal = {Journal of Philosophy},
	year = {1965},
	volume = {62},
	number = {23},
	pages = {649--656},
	langid  = {english}
}

@book{barrett2020,
	author = {Barrett, J.},
	title = {Foundations of Mathematical Logic},
	year = {2020},
	publisher = {Cambridge: Cambridge University Press}
}

@article{shapiro2000,
	author = {Shapiro, S.},
	title = {Mathematical Structuralism: A Defense},
	journal = {Philosophia Mathematica},
	year = {2000},
	volume = {8},
	number = {3},
	pages = {1--22},
	doi = {10.1093/philmat/8.3.1}
}

@article{maddy1997,
	author = {Maddy, P.},
	title = {Mathematics and Philosophy: What's the Connection?},
	journal = {Philosophical Review},
	year = {1997},
	volume = {106},
	number = {1},
	pages = {11--33}
}

@book{lander1976,
	author = {Lander, E. and Tesser, L.},
	title = {Mathematical Structures in Philosophy},
	year = {1976},
	publisher = {London: Routledge}
}


@article{post1946,
	author = {Post, Emil L.},
	title = {A variant of a recursively unsolvable problem},
	journal = {Bulletin of the American Mathematical Society},
	volume = {52},
	number = {4},
	year = {1946},
	pages = {264--268}
}


@book{garey1979,
	author = {Garey, Michael R. and Johnson, David S.},
	title = {Computers and Intractability: A Guide to the Theory of NP-Completeness},
	publisher = {W. H. Freeman},
	year = {1979}
}

@article{matijasevic1970,
	author = {Matijasevic, Yuri},
	title = {Enumerable sets are Diophantine},
	journal = {Soviet Mathematics Doklady},
	volume = {11},
	year = {1970},
	pages = {354--358}
}

@article{goedel1931,
	author = {Gödel, Kurt},
	title = {Über formal unentscheidbare Sätze der Principia Mathematica und verwandter Systeme I},
	journal = {Monatshefte für Mathematik und Physik},
	volume = {38},
	year = {1931},
	pages = {173--198}
}

@incollection{howard1980,
	author = {Howard, William A.},
	title = {The formulae-as-types notion of construction},
	booktitle = {To H. B. Curry: Essays on Combinatory Logic, Lambda Calculus and Formalism},
	editor = {Hindley, J. R. and Seldin, J. P.},
	publisher = {Academic Press},
	year = {1980},
	pages = {479--490},
	langid  = {english}
}

@article{Lawvere1964,
	author    = {F. William Lawvere},
	title     = {An Elementary Theory of the Category of Sets},
	journal   = {Proceedings of the National Academy of Sciences of the United States of America},
	volume    = {52},
	number    = {6},
	pages     = {1506--1511},
	year      = {1964},
	doi       = {10.1073/pnas.52.6.1506},
	url       = {https://www.pnas.org/content/52/6/1506},
	note      = {Доступен также в расширенной версии с комментариями: \url{https://www.kurims.kyoto-u.ac.jp/EMIS/journals/TAC/reprints/articles/11/tr11abs.html}},
	langid  = {english}
}

@book{kant1994critique,
	author    = {Иммануил Кант},
	title     = {Критика чистого разума},
	subtitle  = {Раздел II. Трансцендентальное учение о методе, подраздел «Дисциплина чистого разума в его догматическом употреблении»},
	translator = {Н.О. Лосский},
	year      = {2020},
	publisher = {академический проект},
	location  = {Москва},
	langid    = {russian},
	note      = {Перевод с немецкого}
}

@article{rice1953,
	author    = {Henry G. Rice},
	title     = {Classes of Recursively Enumerable Sets and Their Decision Problems},
	journal   = {Transactions of the American Mathematical Society},
	volume    = {74},
	number    = {2},
	year      = {1953},
	pages     = {358--366},
	publisher = {American Mathematical Society},
	doi       = {10.2307/1990888}
}

@book{SetTheory,
	author    = {Френкель, А. А. and Бар-Хиллел, И.},
	title     = {Основания теории множеств},
	translator = {Гастева, Ю.А.},
	editor = {Есенин-Вольпина, А.С.},
	year      = {1966},
	publisher = {Мир},
	address   = {Москва},
	langid    = {russian},
	note      = {Перевод с немецкого}
}

@article{Birkhoff1932,
	ISSN = {19398980},
	URL = {http://www.jstor.org/stable/1968336},
	author = {George D. Birkhoff},
	journal = {Annals of Mathematics},
	number = {2},
	pages = {329--345},
	publisher = {[Annals of Mathematics, Trustees of Princeton University on Behalf of the Annals of Mathematics, Mathematics Department, Princeton University]},
	title = {A Set of Postulates for Plane Geometry, Based on Scale and Protractor},
	urldate = {2025-04-29},
	volume = {33},
	year = {1932},
	langid  = {english}
}

@article{MacLane1959,
	ISSN = {19300972},
	URL = {http://www.jstor.org/stable/2309851},
	author = {Saunders MacLane},
	journal = {The American Mathematical Monthly},
	number = {7},
	pages = {543--555},
	publisher = {[Taylor & Francis, Ltd., Mathematical Association of America]},
	title = {Metric Postulates for Plane Geometry},
	urldate = {2025-04-29},
	volume = {66},
	year = {1959},
	langid  = {english}
}

@article{Tarski1956,
	author = {Alfred Tarski},
	doi = {10.2307/2268420},
	journal = {Journal of Symbolic Logic},
	number = {4},
	pages = {405--406},
	publisher = {Association for Symbolic Logic},
	title = {Contributions to the Theory of Models},
	volume = {21},
	year = {1956},
	langid  = {english}
}

@book{Gilbert_izbrannoe,
	author    = {Давид Гильберт},
	title     = {Избранные труды, том I},
	subtitle  = {Об основаниях логики и арифметики},
	translator = {З. А. Кузничева},
	year      = {1998},
	publisher = {Факториал},
	location  = {Москва},
	langid    = {russian},
	note      = {Перевод с немецкого, по изданию Uber die Grundlagen der Logik und Arifrnetik. — Verhandl. des 3 intern. Math. Kongresses in Heidelberg. Leipzig, 1905, S. 174-185},
	langid  = {russian}
}

@book{GilbertBernays,
	author    = {Гильберт, Д. и Бернайс, П.},
	title     = {Основания математики: логические исчисления и формализация арифметики, том I},
	translator= {Нагорный, Н. М.},
	editor     = {Адян, С. И.},
	year      = {1979},
	publisher = {Наука},
	location   = {Москва},
	pages     = {557},
	langid  = {russian}
}
@book{VereshchaginShen,
	author    = {Верещагин, Н. К. and Шень, А.},
	title     = {Лекции по математической логике и теории алгоритмов. Часть 2. Языки и исчисления},
	edition   = {5-е изд., стереотип.},
	year      = {2017},
	publisher = {МЦНМО},
	location   = {Москва},
	pages     = {240},
	isbn      = {978-5-4439-0944-8},
	langid  = {russian}
}
@book{Godel1990,
	author    = {Kurt Gödel},
	title     = {Collected Works},
	editor     = {Feferman, S.},
	volume    = {II},
	year      = {1990},
	publisher = {Oxford University Press},
	address   = {New York},
	note      = {Publications 1938–1974},
	langid  = {english}
}

@incollection{Godel1947,
	author    = {Kurt Gödel},
	title     = {What is Cantor’s Continuum Problem?},
	booktitle = {Collected Works},
	editor    = {Feferman, S.},
	volume    = {II},
	year      = {1990},
	pages     = {176--187},
	note      = {[1947]},
	publisher = {Oxford University Press},
	address   = {New York},
	langid  = {english}
}
@article{BrouwerPosy,
	ISSN = {15730964},
	URL = {http://www.jstor.org/stable/20114910},
	author = {Carl J. Posy},
	journal = {Synthese},
	number = {1/2},
	pages = {125--159},
	publisher = {Springer},
	title = {Brouwer's Constructivism},
	urldate = {2025-05-05},
	volume = {27},
	year = {1974},
	langid  = {english}
}
@misc{sepMLTT,
	author       = {Per Martin-Löf},
	title        = {Intuitionistic Type Theory},
	howpublished = {\url{https://plato.stanford.edu/archives/fall2016/entries/type-theory-intuitionistic/}},
	note         = {Stanford Encyclopedia of Philosophy, Fall 2016 edition. Accessed: 2025-05-07},  
	year         = {2016}
} % :contentReference[oaicite:0]{index=0}

@misc{sepBHK,
	author       = {{Stanford Encyclopedia of Philosophy}},
	title        = {Constructive Mathematics and Computer Programming},
	howpublished = {\url{https://plato.stanford.edu/entries/mathematics-constructive/}},
	note         = {Stanford Encyclopedia of Philosophy. Accessed: 2025-05-07},  
	year         = {2011}
} % :contentReference[oaicite:1]{index=1}

@misc{wikiMLTT,
	author       = {{Wikipedia contributors}},
	title        = {Intuitionistic type theory},
	howpublished = {\url{https://en.wikipedia.org/wiki/Intuitionistic_type_theory}},
	note         = {Wikipedia, accessed 2025‑05‑07},  
	year         = {2025}
} % :contentReference[oaicite:2]{index=2}

@misc{wikiHoTT,
	author       = {{Wikipedia contributors}},
	title        = {Homotopy type theory},
	howpublished = {\url{https://en.wikipedia.org/wiki/Homotopy_type_theory}},
	note         = {Wikipedia, accessed 2025‑05‑07},  
	year         = {2025}
} % :contentReference[oaicite:3]{index=3}

@misc{nlabTrunc,
	author       = {{nLab contributors}},
	title        = {n‑truncation modality},
	howpublished = {\url{https://ncatlab.org/nlab/show/n-truncation%2Bmodality}},
	note         = {nLab, accessed 2025‑05‑07},  
	year         = {2023}
} % :contentReference[oaicite:4]{index=4}

@misc{SSetsModel,
	author       = {Thomas Streicher},
	title        = {A Model of Type Theory in Simplicial Sets},
	howpublished = {\url{https://www2.mathematik.tu-darmstadt.de/~streicher/sstt.pdf}},
	note         = {Manuscript, TU Darmstadt. Accessed: 2025‑05‑07},  
	year         = {2011}
} % :contentReference[oaicite:5]{index=5}

@misc{mseEq,
	author       = {ice1000},
	title        = {What is the difference between judgmental equality, definitional equality and propositional equality?},
	howpublished = {\url{https://proofassistants.stackexchange.com/questions/284/what-is-the-difference-between-judgmental-equality-definitional-equality-and-e}},
	note         = {ProofAssistants StackExchange, answered Feb 10, 2022. Accessed: 2025‑05‑07},  
	year         = {2022}
} % :contentReference[oaicite:6]{index=6}

@misc{nlabBHK,
	author       = {{nLab contributors}},
	title        = {BHK interpretation},
	howpublished = {\url{https://ncatlab.org/nlab/show/BHK%2Binterpretation}},
	note         = {nLab, accessed 2025‑05‑07},  
	year         = {2024}
} % :contentReference[oaicite:7]{index=7}

@misc{nlabId,
	author       = {{nLab contributors}},
	title        = {Identity type},
	howpublished = {\url{https://ncatlab.org/nlab/show/identity%2Btype}},
	note         = {nLab, accessed 2025‑05‑07},  
	year         = {2024}
} % :contentReference[oaicite:8]{index=8}

@misc{moId,
	author       = {ice1000},
	title        = {Identity types: What makes Intuitionistic Type Theory intuitionistic?},
	howpublished = {\url{https://mathoverflow.net/questions/235534/identity-types-what-makes-intuitionistic-type-theory-intuitionistic}},
	note         = {MathOverflow, asked Oct 2014. Accessed: 2025‑05‑07},  
	year         = {2014}
} % :contentReference[oaicite:9]{index=9}

@book{hottBook,
	title     = {Homotopy Type Theory: Univalent Foundations of Mathematics},
	author    = {The Univalent Foundations Program},
	publisher = {Institute for Advanced Study},
	year      = {2013},
	note      = {Available online at \url{https://homotopytypetheory.org/book/}, accessed 2025‑05‑07},
	
} % :contentReference[oaicite:10]{index=10}

@misc{nlabUniv,
	author       = {{nLab contributors}},
	title        = {Univalence axiom},
	howpublished = {\url{https://ncatlab.org/nlab/show/univalence%2Baxiom}},
	note         = {nLab, accessed 2025‑05‑07},  
	year         = {2024}
} % :contentReference[oaicite:11]{index=11}

@misc{wiredVoev,
	author       = {Vladimir Voevodsky and Quanta Magazine},
	title        = {Will Computers Redefine the Roots of Math?},
	howpublished = {\url{https://www.wired.com/2015/05/will-computers-redefine-roots-math/}},
	note         = {WIRED, May 2015. Accessed: 2025‑05‑07},  
	year         = {2015}
} % :contentReference[oaicite:12]{index=12}
@incollection{MartinLof1975,
	author    = {Per Martin-Löf},
	title     = {An Intuitionistic Theory of Types: Predicative Part},
	booktitle = {Logic Colloquium ’73},
	editor    = {Rose H.E. and Shepherdson J.C.},
	series    = {Studies in Logic and Foundations of Mathematics},
	volume    = {80},
	publisher = {North-Holland},
	year      = {1975},
	langid  = {english}
}
@article{MartinLof1972,
	author  = {Per Martin-Löf},
	title   = {An Intuitionistic Theory of Types},
	journal = {Arch. Math. Logic},
	year    = {1972},
	langid  = {english}
}
@incollection{HofmannStreicher1998,
	author    = {Martin Hofmann and Thomas Streicher},
	title     = {The Groupoid Interpretation of Type Theory},
	booktitle = {Twenty-five Years of Constructive Type Theory},
	series    = {Oxford Logic Guides},
	volume    = {36},
	publisher = {Oxford University Press},
	year      = {1998},
	langid  = {english}
}
@article{AwodeyWarren2009,
	author  = {Steve Awodey and Michael A. Warren},
	title   = {Homotopy Theoretic Models of Identity Types},
	journal = {Math. Proc. Cambridge Phil. Soc.},
	volume  = {146},
	pages   = {45--55},
	year    = {2009},
	langid  = {english}
}
@techreport{Voevodsky2006,
	author      = {Vladimir Voevodsky},
	title       = {A Very Short Note on Homotopy \(\lambda\)-Calculus},
	institution = {IAS},
	year        = {2006},
	note        = {Preprint},
	langid  = {english}
}
@inproceedings{vanDenBergGarner2008,
	author    = {Benno van den Berg and Richard Garner},
	title     = {Types Are Weak \(\omega\)-Groupoids},
	booktitle = {Proc. LICS},
	year      = {2008},
	langid  = {english}
}
@article{LumsdaineWarren2014,
	author  = {Peter LeFanu Lumsdaine and Michael A. Warren},
	title   = {The Local Universes Model: An Overlooked Coherence Construction for Dependent Type Theories},
	journal = {ACM Trans. Computational Logic},
	volume  = {15},
	number  = {2},
	year    = {2014},
	langid  = {english}
}
@book{HoTTBook2013,
	title     = {Homotopy Type Theory: Univalent Foundations of Mathematics},
	author    = {The Univalent Foundations Programm},
	publisher = {Institute for Advanced Study},
	year      = {2013},
	langid  = {english}
}
@book{Streicher1991,
	author    = {Thomas Streicher},
	title     = {Semantics of Type Theory: Correctness, Completeness, and Independence Results},
	publisher = {Birkhäuser},
	year      = {1991},
	langid  = {english}
}
@book{Quillen1967,
	author    = {Daniel Quillen},
	title     = {Homotopical Algebra},
	series    = {Lecture Notes in Mathematics},
	volume    = {43},
	publisher = {Springer},
	year      = {1967},
	langid  = {english}
}
@article{Batanin1998,
	author  = {Michael A. Batanin},
	title   = {Monoidal Globular Categories as a Natural Environment for the Theory of Weak n‑Categories},
	journal = {Adv. Math.},
	volume  = {136},
	number  = {1},
	pages   = {39--103},
	year    = {1998},
	langid  = {english}
}

@book{Dedekind2015,
	author    = {Дедекинд, Р.},
	title     = {Что такое числа и для чего они служат?},
	year      = {2015},
	publisher = {НИЦ «Регулярная и хаотическая динамика», Институт компьютерных исследований},
	address   = {Москва — Ижевск},
	pages     = {98},
	isbn      = {978-5-4344-0307-8},
	translator= {Парфентьев, Н.},
	editor     = {Синкевич, Г. И.},
	langid  = {russian}
}
@inbook{Noether,
	booktitle = {The prehistory of mathematical structuralism},
	author = {Yap, Audrey},
	year = {2020},
	month = {04},
	pages = {166-186},
	title = {Noether as Mathematical Structuralist},
	isbn = {9780190641221},
	doi = {10.1093/oso/9780190641221.003.0007},
	langid  = {english}
}
@article{Awodey2014,
	author    = {Awodey, Steve},
	title     = {Structuralism, Invariance, and Univalence},
	journal   = {Proceedings of the 2014 Workshop on Homotopy Type Theory},
	year      = {2014},
	month     = {3},
	pages     = {1--10},
	url       = {https://arxiv.org/abs/1403.3040},
	note      = {Accessed: 2023-10-01},
	langid  = {english}
}
@article{Lambek_1970,
	author    = {Krull, W.},
	title     = {Idealtheorie.Ergebnisse der Math 28 Springer-Verlag, Berlin (1968). xii+160 pp.},
	journal   = {Canadian Mathematical Bulletin},
	year      = {1970},
	volume    = {13},
	number    = {2},
	pages     = {287},
	doi       = {10.1017/S0008439500031738},
	translator= {Lambek, J.},
	langid  = {english}
}
@book{spiegelberg2012phenomenological,
	title={The Phenomenological Movement: A Historical Introduction},
	author={Spiegelberg, E.},
	isbn={9789400974913},
	series={Phaenomenologica},
	url={https://books.google.ru/books?id=hN3dBgAAQBAJ},
	year={2012},
	publisher={Springer Netherlands},
	langid  = {english}
}

@book{Tarski1936,
	author    = {Tarski, Alfred},
	title     = {Der Wahrheitsbegriff in den Sprachen der Dedekindschen Arithmetik},
	publisher = {Fundamenta Mathematicae},
	year      = {1936},
	langid  = {english}
}
@book{Hintikka1962,
	author    = {Hintikka, Jaakko},
	title     = {Knowledge and Belief},
	publisher = {Cornell University Press},
	year      = {1962}
}
@inproceedings{Pfenning2001,
	author    = {Pfenning, Frank and Harper, Robert},
	title     = {A Tutorial on SML Chapel},
	booktitle = {Proceedings of the 2001 Workshop on ML},
	year      = {2001},
	langid  = {english}
}

@article{Gruber1993,
	author    = {Gruber, Th. R.},
	title     = {Toward Principles for the Design of Ontologies Used for Knowledge Sharing},
	journal   = {International Journal of Human-Computer Studies},
	year      = {1993},
	volume    = {43},
	number    = {5-6},
	pages     = {907--928},
	note      = {Substantial revision of paper presented at the International Workshop on Formal Ontology, March, 1993, Padova, Italy. Available as Technical Report KSL 93-04, Knowledge Systems Laboratory, Stanford University.},
	address    = {Stanford University},
	langid  = {english}
}

@book{Godel1938,
	title =     {Collected Works: Volume III: Unpublished essays and lectures (Collected Works of Kurt Godel)},
	author =    {Kurt Gödel},
	publisher = {Oxford University Press, USA},
	isbn =      {9780195072556},
	year =      {1995},
	url =       {libgen.li/file.php?md5=480715230844aad2ac13975e55448218},
	langid  = {english}
}
@inbook{Godel1938a,
	author    = {Kurt Gödel},
	title     = {Lecture at Zilsel’s},
	booktitle = {Collected Works: Volume III: Unpublished essays and lectures (Collected Works of Kurt Godel)},
	publisher = {Oxford University Press, USA},
	year      = {1995},
	pages     = {87},
	isbn      = {9780195072556},
	url       = {https://libgen.li/file.php?md5=480715230844aad2ac13975e55448218},
	langid  = {english}
}
@inbook{Godel1958,
	author    = {Kurt Gödel},
	title     = {On a Hitherto Unutilized Extension of the Finitary Standpoint},
	booktitle = {Collected Works: Volume II: Publications 1938-1974 (Collected Works of Kurt Godel)},
	editor     = {Feferman, Solomon},
	publisher = {Oxford University Press, USA},
	year      = {1990},
	pages     = {260-271}, 
	isbn      = {0-19-503972-6},
	note      = {German text, parallel English translation. Includes bibliographies and indexes.},
	langid  = {english}
}
@inbook{Troelstra1995,
	author       = {Troelstra, A.S.},
	title        = {Introductory Note to 1958 and 1972},
	booktitle 	 = {Collected Works: Volume II: Publications 1938-1974 (Collected Works of Kurt Godel)},
	editor       = {Feferman, Solomon},
	pages     	 = {217-240},
	publisher    = {Oxford University Press},
	address      = {New York, NY},
	year         = {1995},
	isbn         = {0-19-503972-6},
	note         = {German text with parallel English translation},
	langid  = {english}
}

@book{heyting1965intuitionism,
	author         = {Гейтинг, А.},
	title          = {Интуиционизм: введение},
	translator     = {Янкоба, Б.А.},
	editor         = {Марков, А.А.},
	series         = {Библиотека сборника «Математика»},
	publisher      = {Мир},
	address        = {Москва},
	year           = {1965},
	note           = {УДК 517.12},
	langid  = {russian}
}

@book{nordstrom1990semantics,
	author    = {Nordström, Bengt and Petersson, Krister and Smith, Jan M.},
	title     = {Programming in {M}artin-{Löf’s} Type Theory: An Introduction},
	publisher = {Oxford University Press},
	address   = {Oxford},
	year      = {1990},
	langid  = {english}
}

@incollection{hofmann1998groupoid,
	author       = {Hofmann, Martin and Streicher, Thomas},
	title        = {The groupoid interpretation of type theory},
	booktitle    = {Twenty-Five Years of Constructive Type Theory},
	editor       = {Aczel, Peter and Rathjen, Michael},
	publisher    = {Oxford University Press},
	address      = {Oxford},
	year         = {1998},
	pages        = {83--111},
	isbn         = {0-19-851650-9},
	langid  = {english}
}

@article{moerdijk1994strength,
	author    = {Moerdijk, Ieke and Palmgren, Erik},
	title     = {The strength of some Martin-Löf type theories},
	journal   = {Archive for Mathematical Logic},
	volume    = {33},
	number    = {5},
	pages     = {347--385},
	year      = {1994},
	doi       = {10.1007/BF01278464},
	langid  = {english}
}

@phdthesis{girard1972paradox,
	author       = {Girard, Jean-Yves},
	title        = {Functional Interpretation and Elimination of Cuts in Higher-Order Arithmetic: Part I},
	school       = {Université de Paris VII},
	year         = {1972},
	type         = {Thèse de doctorat d’État},
	langid  = {english}
}


@book{Samohvalov,
	title =     {Современная философия математики: недомогание и лечение},
	author =    {Самохвалов, К.Ф. and Ершов, Ю.Л.},
	publisher = {Параллель},
	year =      {2007},
	location = {Новосибирск},
	langid  = {russian}
}
@article{Godel_cont,
	author    = {Курт Гёдель},
	title     = {Совместимость аксиомы выбора и обобщённой континуум-гипотезы с аксиомами теории множеств},
	journal   = {Успехи математических наук},
	volume    = {3},
	number    = {1(23)},
	pages     = {96--149},
	year      = {1948},
	translator= {Марков, А. А.},
	location  = {Москва},
	note      = {Лекции, прочитанные в Institute for Advanced Study (Принстон, Нью-Джерси) в осеннем семестре 1938/39 г., записанные Джорджем В. Брауном.},
	langid  = {russian}
}

@article{RodinKovalyov2025,
	author    = {Andrei Rodin and Serge Kovalyov},
	title     = {Truth and Justification in Knowledge Representation},
	year      = {2019},
	journal   = {Institute of Philosophy RAS},
	address    = {12/1 Goncharnaya Str., Moscow, 109240, Russian Federation},
	note      = {Available at: \url{https://www.hse.ru/org/persons/218712080} and \url{https://www.ipu.ru/node/16660}},
	langid  = {english}
}

@misc{adjedj2023martinlofalacoq,
	title={Martin-Löf \`a la Coq}, 
	author={Arthur Adjedj and Meven Lennon-Bertrand and Kenji Maillard and Pierre-Marie Pédrot and Loïc Pujet},
	year={2023},
	eprint={2310.06376},
	archivePrefix={arXiv},
	primaryClass={cs.PL},
	url={https://arxiv.org/abs/2310.06376}, 
	langid  = {english}
}

@inproceedings{aczel1978typetheoretic,
	author       = {Aczel, Peter},
	title        = {The type theoretic interpretation of constructive set theory},
	booktitle    = {Logic Colloquium '77},
	editor       = {Macintyre, A. and Pacholski, L. and Park, J.},
	year         = {1978},
	publisher    = {North-Holland Publishing Company},
	address      = {Amsterdam, The Netherlands},
	note         = {Proceedings of the Logic Colloquium held in Manchester, 1977},
	langid  = {english}
}


@book{lambek1986introduction,
	author    = {Lambek, J. and Scott, P.J.},
	title     = {Introduction to Higher Order Categorical Logic},
	series    = {Cambridge Studies in Advanced Mathematics},
	volume    = {7},
	publisher = {Cambridge University Press},
	year      = {1986},
	address   = {Cambridge, UK},
	langid  = {english}
}

@article{Lamarche2014,
	author  = {Lamarche, Francois},
	title   = {Modeling Martin--Löf type theory in categories},
	journal = {Journal of Applied Logic},
	volume  = {12},
	year    = {2014},
	pages   = {28--44},
	doi     = {10.1016/j.jal.2013.08.003},
	url     = {https://doi.org/10.1016/j.jal.2013.08.003},
	note    = {Available online 4 September 2013},
	langid  = {english}
}

@article{Bianchetti2023-BIAFOA,
	author = {Matteo Bianchetti and Giorgio Venturi},
	doi = {10.1007/s11245-022-09864-4},
	journal = {Topoi},
	number = {1},
	pages = {307--321},
	title = {Formal Ontology and Mathematics. A Case Study on the Identity of Proofs},
	volume = {42},
	year = {2023},
	langid  = {english}
}

@incollection{Cocchiarella1996,
	author    = {Nino B. Cocchiarella},
	title     = {Conceptual Realism as a Formal Ontology},
	booktitle = {Formal Ontology},
	editor    = {Roberto Poll and Peter Simons},
	series    = {Nijhoff International Philosophy Series},
	volume    = {53},
	publisher = {Springer Science+Business Media, B.V.},
	year      = {1996},
	isbn      = {978-90-481-4718-2},
	doi       = {10.1007/978-94-015-8733-4},
	note      = {Originally published by Kluwer Academic Publishers in 1996. Softcover reprint of the hardcover 1st edition 1996.},
	langid  = {english}	
}

@incollection{Schroeder-Heister2024,
	author       = {Schroeder-Heister, Peter},
	title        = {Proof-Theoretic Semantics: An Autobiographical Survey},
	editor       = {Piecha, Thomas and Wehmeier, Kai F.},
	booktitle    = {Peter Schroeder-Heister on Proof-Theoretic Semantics},
	series       = {Outstanding Contributions to Logic},
	volume       = {29},
	publisher    = {Springer},
	address      = {Cham, Switzerland},
	year         = {2024},
	isbn         = {978-3-031-50980-3},
	doi          = {10.1007/978-3-031-50981-0},
	langid  = {english}
}

@incollection{Pavlovic1991,
	author    = {Duvsko Pavlovic},
	title     = {Categorical Interpolation: Descent and the Beck-Chevalley Condition without Direct Images},
	booktitle = {Category Theory},
	editor    = {Aurelio Carboni and Maria Cristina Pedicchio and Giuseppe Rosolini},
	series    = {Lecture Notes in Mathematics},
	volume    = {1488},
	pages     = {306--325},
	publisher = {Springer},
	address   = {Berlin, Heidelberg},
	year      = {1991},
	doi       = {10.1007/BFb0084229},
	url       = {https://doi.org/10.1007/BFb0084229},
	langid  = {english}
}

@article{pushkarsky2009,
	author       = {Пушкарский, А. Г.},
	title        = {Первое упоминание теоремы Гёделя},
	journaltitle = {РАЦИО.ru},
	location     = {Калининград},
	year         = {2009},
	number       = {1},
	pages        = {132-143},
	langid  	 = {russian}
}

@book{frege1980correspondence,
	author       = {Frege, Gottlob},
	editor       = {Gabriel, Gottfried},
	title        = {Philosophical and Mathematical Correspondence},
	year         = {1980},
	publisher    = {B. Blackwell},
	location     = {Oxford},
	pages        = {xviii, 214},
	isbn         = {0-631-19620-X},
	langid       = {english},
	note         = {Translation of selections from vol. 2 of \emph{Nachgelassene Schriften und Wissenschaftlicher Briefwechsel}; includes bibliographical references and index},
}

@article{gettier1963,
	author        = {Gettier, Edmund L.},
	title         = {Is Justified True Belief Knowledge?},
	journaltitle  = {Analysis},
	year          = {1963},
	month         = jun,
	volume        = {23},
	number        = {6},
	pages         = {121--123},
	langid        = {english},
}

@article{Chaitin1999TheU,
	title={The Unknowable},
	author={Gregory J. Chaitin},
	journal={Nabokov and Indeterminacy},
	year={1999},
	url={https://api.semanticscholar.org/CorpusID:184585134},
	langid        = {english},
}

@article{gruber1993translation,
	author       = {Gruber, Thomas R.},
	title        = {A Translation Approach to Portable Ontology Specifications},
	journaltitle = {Knowledge Acquisition},
	year         = {1993},
	volume       = {5},
	number       = {2},
	pages        = {199--220},
	langid       = {english},
}


